 @article{sensharma2020, title={Longitudinal Wobbling Motion in Au 187}, volume={124}, number={5}, journal={Physical review letters}, publisher={APS}, author={Sensharma, N and Garg, U and Chen, QB and Frauendorf, S and Burdette, DP and Cozzi, JL and Howard, KB and Zhu, S and Carpenter, MP and Copp, P and et al.}, year={2020}, pages={052501} }
 @article{nandi2020, title={First Observation of Multiple Transverse Wobbling Bands of Different Kinds in Au 183}, volume={125}, number={13}, journal={Physical Review Letters}, publisher={APS}, author={Nandi, S and Mukherjee, G and Chen, QB and Frauendorf, S and Banik, R and Bhattacharya, Soumik and Dar, Shabir and Bhattacharyya, S and Bhattacharya, C and Chatterjee, S and et al.}, year={2020}, pages={132501} }
